
@incollection{efficientPSIPolynomials,
  title = {Efficient {{Private Matching}} and {{Set Intersection}}},
  booktitle = {Advances in {{Cryptology}} - {{EUROCRYPT}} 2004},
  author = {Freedman, Michael J. and Nissim, Kobbi and Pinkas, Benny},
  editor = {Cachin, Christian and Camenisch, Jan L.},
  date = {2004},
  volume = {3027},
  pages = {1--19},
  publisher = {{Springer Berlin Heidelberg}},
  location = {{Berlin, Heidelberg}},
  doi = {10.1007/978-3-540-24676-3_1},
  url = {http://link.springer.com/10.1007/978-3-540-24676-3_1},
  urldate = {2021-04-18},
  editorb = {Kanade, Takeo and Kittler, Josef and Kleinberg, Jon M. and Mattern, Friedemann and Mitchell, John C. and Nierstrasz, Oscar and Pandu Rangan, C. and Steffen, Bernhard and Terzopoulos, Demetri and Tygar, Dough and Vardi, Moshe Y.},
  editorbtype = {redactor},
  file = {/home/michael/Zotero/storage/Z84Q6NGI/Freedman et al. - 2004 - Efficient Private Matching and Set Intersection.pdf},
  isbn = {978-3-540-21935-4 978-3-540-24676-3},
  series = {Lecture {{Notes}} in {{Computer Science}}}
}


